<record><leader>00000cas a2200000 a 4500</leader><controlfield tag="001">9735891</controlfield><controlfield tag="008">830725c18619999vtuwr ne      0   a0eng c</controlfield><datafield ind1=" " ind2=" " tag="010"><subfield code="a">sn 83025668 </subfield></datafield><datafield ind1=" " ind2=" " tag="040"><subfield code="a">NPV</subfield><subfield code="b">eng</subfield><subfield code="c">NPV</subfield><subfield code="d">NPU</subfield><subfield code="d">NJW</subfield><subfield code="d">NSD</subfield><subfield code="d">CNK</subfield><subfield code="d">NVN</subfield><subfield code="d">OCL</subfield><subfield code="d">OCLCQ</subfield><subfield code="d">OCLCF</subfield><subfield code="d">OCLCO</subfield></datafield><datafield ind1=" " ind2=" " tag="012"><subfield code="m">1</subfield></datafield><datafield ind1="1" ind2=" " tag="022"><subfield code="a">1062-5070</subfield><subfield code="l">1062-5070</subfield><subfield code="2">1</subfield></datafield><datafield ind1=" " ind2=" " tag="032"><subfield code="a">008119</subfield><subfield code="b">USPS</subfield></datafield><datafield ind1=" " ind2=" " tag="037"><subfield code="b">The Manchester Journal, PO Box 569, Manchester Center, VT 05255</subfield></datafield><datafield ind1=" " ind2=" " tag="042"><subfield code="a">pcc</subfield><subfield code="a">nsdp</subfield></datafield><datafield ind1=" " ind2=" " tag="043"><subfield code="a">n-us-vt</subfield></datafield><datafield ind1=" " ind2=" " tag="045"><subfield code="a">w6x-</subfield></datafield><datafield ind1=" " ind2=" " tag="052"><subfield code="a">3753</subfield><subfield code="b">B4</subfield></datafield><datafield ind1="0" ind2=" " tag="130"><subfield code="a">Manchester journal (Manchester, Vt.)</subfield></datafield><datafield ind1=" " ind2="4" tag="222"><subfield code="a">The Manchester journal</subfield><subfield code="b">(Manchester, Vt.)</subfield></datafield><datafield ind1="0" ind2="4" tag="245"><subfield code="a">The Manchester journal.</subfield></datafield><datafield ind1=" " ind2=" " tag="260"><subfield code="a">Manchester, Vt. :</subfield><subfield code="b">C.A. Pierce,</subfield><subfield code="c">1861-</subfield></datafield><datafield ind1=" " ind2=" " tag="300"><subfield code="a">v. ;</subfield><subfield code="c">56-72 cm.</subfield></datafield><datafield ind1=" " ind2=" " tag="310"><subfield code="a">Weekly</subfield></datafield><datafield ind1="0" ind2=" " tag="362"><subfield code="a">Vol. 1, no. 1 (May 28, 1861)-</subfield></datafield><datafield ind1=" " ind2=" " tag="500"><subfield code="a">"Republican." Cf. Rowell, 1880.</subfield></datafield><datafield ind1=" " ind2=" " tag="530"><subfield code="a">Also issued on microfilm as part of the Civil War newspapers collection.</subfield></datafield><datafield ind1=" " ind2=" " tag="500"><subfield code="a">Editor: &lt;Oct. 7, 1862-&gt; J. Anderson.</subfield></datafield><datafield ind1=" " ind2=" " tag="500"><subfield code="a">Imprint varies: Bennington, Vt. : Banner Pub. Co., &lt;Jan. 15, 1992-&gt;</subfield></datafield><datafield ind1=" " ind2="0" tag="651"><subfield code="a">Manchester (Vt.)</subfield><subfield code="v">Newspapers.</subfield></datafield><datafield ind1=" " ind2="0" tag="651"><subfield code="a">Bennington County (Vt.)</subfield><subfield code="v">Newspapers.</subfield></datafield><datafield ind1=" " ind2="0" tag="651"><subfield code="a">Vermont</subfield><subfield code="v">Newspapers.</subfield></datafield><datafield ind1=" " ind2="7" tag="655"><subfield code="a">Newspapers.</subfield><subfield code="2">fast</subfield><subfield code="0">(OCoLC)fst01423814</subfield></datafield><datafield ind1=" " ind2="7" tag="651"><subfield code="a">Vermont.</subfield><subfield code="2">fast</subfield><subfield code="0">(OCoLC)fst01204305</subfield></datafield><datafield ind1=" " ind2="7" tag="651"><subfield code="a">Vermont</subfield><subfield code="z">Bennington County.</subfield><subfield code="2">fast</subfield><subfield code="0">(OCoLC)fst01224329</subfield></datafield><datafield ind1=" " ind2="7" tag="651"><subfield code="a">Vermont</subfield><subfield code="z">Manchester.</subfield><subfield code="2">fast</subfield><subfield code="0">(OCoLC)fst01224335</subfield></datafield><datafield ind1="1" ind2=" " tag="700"><subfield code="a">Anderson, James.</subfield></datafield><datafield ind1=" " ind2=" " tag="752"><subfield code="a">United States</subfield><subfield code="b">Vermont</subfield><subfield code="c">Bennington</subfield><subfield code="d">Manchester.</subfield></datafield><datafield ind1=" " ind2=" " tag="752"><subfield code="a">United States</subfield><subfield code="b">Vermont</subfield><subfield code="c">Bennington</subfield><subfield code="d">Bennington.</subfield></datafield><datafield ind1=" " ind2=" " tag="936"><subfield code="a">Vol. 131, no. 48 (Jan. 15, 1992) LIC</subfield></datafield></record>